@article{steering-taxonomy,
  title={Taxonomy, opportunities, and challenges of representation engineering for large language models},
  author={Wehner, Jan and Abdelnabi, Sahar and Tan, Daniel and Krueger, David and Fritz, Mario},
  journal={arXiv preprint arXiv:2502.19649},
  year={2025}
}

@article{steering-theory,
  title={A Unified Understanding and Evaluation of Steering Methods},
  author={Im, Shawn and Li, Yixuan},
  journal={arXiv preprint arXiv:2502.02716},
  year={2025}
}

@inproceedings{non-linear-features,
  title={Not All Language Model Features Are Linear},
  author={Engels, Joshua and Liao, Isaac and Michaud, Eric J and Gurnee, Wes and Tegmark, Max},
  booktitle={2025 Joint Mathematics Meetings (JMM 2025)},
  organization={AMS},
  year={2025}
}

@article{sea,
  title={Spectral editing of activations for large language model alignment},
  author={Qiu, Yifu and Zhao, Zheng and Ziser, Yftah and Korhonen, Anna and Ponti, Edoardo Maria and Cohen, Shay},
  journal={Advances in Neural Information Processing Systems},
  volume={37},
  pages={56958--56987},
  year={2024}
}

@inproceedings{mimic,
  title={Representation surgery: theory and practice of affine steering},
  author={Singh, Shashwat and Ravfogel, Shauli and Herzig, Jonathan and Aharoni, Roee and Cotterell, Ryan and Kumaraguru, Ponnurangam},
  booktitle={Proceedings of the 41st International Conference on Machine Learning},
  pages={45663--45680},
  year={2024}
}

@inproceedings{function-vectors,
  title={Function Vectors in Large Language Models},
  author={Todd, Eric and Li, Millicent and Sharma, Arnab Sen and Mueller, Aaron and Wallace, Byron C and Bau, David},
  booktitle={The Twelfth International Conference on Learning Representations},
  year={2024}
}

@inproceedings{conceptors,
  title={Steering Large Language Models using Conceptors: Improving Addition-Based Activation Engineering},
  author={Postmus, Joris and Abreu, Steven},
  booktitle={MINT: Foundation Model Interventions},
  year={2024}
}

@article{steerability,
  title={Analyzing the Generalization and Reliability of Steering Vectors--ICML 2024},
  author={Tan, Daniel and Chanin, David and Lynch, Aengus and Kanoulas, Dimitrios and Paige, Brooks and Garriga-Alonso, Adria and Kirk, Robert},
  journal={arXiv e-prints},
  pages={arXiv--2407},
  year={2024}
}

@online{dataset_debugging_with_SAEs,
  author = {Smith, Lewis and Rajamanoaran, Senthooran and Conmy, Arthur and McDougall, Callum and Lieberum, Tom and Kramar, Janos and Shah, Rohin and Nanda, Neel},
  title = {Negative Results for SAEs On Downstream Tasks and Deprioritising SAE Research},
  year = 2025,
  url = {https://www.lesswrong.com/posts/4uXCAJNuPKtKBsi28/sae-progress-update-2-draft#Dataset_debugging_with_SAEs},
  urldate = {2025-06-06}
}

@inproceedings{caa,
  title={Steering Llama 2 via Contrastive Activation Addition},
  author={Rimsky, Nina and Gabrieli, Nick and Schulz, Julian and Tong, Meg and Hubinger, Evan and Turner, Alexander},
  booktitle={Proceedings of the 62nd Annual Meeting of the Association for Computational Linguistics (Volume 1: Long Papers)},
  pages={15504--15522},
  year={2024}
}

@article{reft,
  title={Reft: Representation finetuning for language models},
  author={Wu, Zhengxuan and Arora, Aryaman and Wang, Zheng and Geiger, Atticus and Jurafsky, Dan and Manning, Christopher D and Potts, Christopher},
  journal={Advances in Neural Information Processing Systems},
  volume={37},
  pages={63908--63962},
  year={2024}
}

@inproceedings{MWE,
  title={Discovering language model behaviors with model-written evaluations},
  author={Perez, Ethan and Ringer, Sam and Lukosiute, Kamile and Nguyen, Karina and Chen, Edwin and Heiner, Scott and Pettit, Craig and Olsson, Catherine and Kundu, Sandipan and Kadavath, Saurav and others},
  booktitle={Findings of the Association for Computational Linguistics: ACL 2023},
  pages={13387--13434},
  year={2023}
}

@inproceedings{steering-clear,
  title={Steering Clear: A Systematic Study of Activation Steering in a Toy Setup},
  author={Krasheninnikov, Dmitrii and Krueger, David},
  booktitle={üçÉ MINT: Foundation Model Interventions}
}
